<?xml version="1.0" encoding="UTF-8"?><collection xmlns="http://www.loc.gov/MARC21/slim"><record><leader>00511nam--2200181-i-4500</leader><controlfield tag="001">000006562</controlfield><controlfield tag="002">20161230</controlfield><controlfield tag="005">20161230201026</controlfield><controlfield tag="008">060222s1000------------r-----000-0-eng-d</controlfield><datafield ind1=" " ind2=" " tag="040"><subfield code="a">IFIN-HH</subfield></datafield><datafield ind1=" " ind2=" " tag="080"><subfield code="a">541.18:53.083.98</subfield></datafield><datafield ind1="1" ind2=" " tag="100"><subfield code="a">Irani, R.R</subfield></datafield><datafield ind1="1" ind2="0" tag="245"><subfield code="a">Particle size:measurement, interpretation and application</subfield><subfield code="c">R.r. irani, c.f. callis</subfield></datafield><datafield ind1=" " ind2=" " tag="260"><subfield code="a">New York</subfield><subfield code="b">John Wiley And Sons,Inc</subfield><subfield code="c">1963</subfield></datafield><datafield ind1=" " ind2=" " tag="300"><subfield code="a">VIII + 165 P</subfield></datafield><datafield ind1="1" ind2=" " tag="700"><subfield code="a">Callis,C.F</subfield></datafield><datafield ind1=" " ind2=" " tag="852"><subfield code="a">19240</subfield><subfield code="c">53.08</subfield></datafield><datafield ind1=" " ind2=" " tag="CAT"><subfield code="a">Sys</subfield><subfield code="c">20151027</subfield><subfield code="h">135413</subfield></datafield></record></collection>